@book{anderson2017,
  title = {Theory of {{Dislocations}}},
  author = {Anderson, Peter M. and Hirth, John P. and Lothe, Jens},
  date = {2017-01-16},
  eprint = {LK7DDQAAQBAJ},
  eprinttype = {googlebooks},
  publisher = {Cambridge University Press},
  isbn = {978-0-521-86436-7},
  langid = {english},
  pagetotal = {721},
  keywords = {Science / Mechanics / Aerodynamics,Science / Mechanics / Fluids,Science / Mechanics / Solids,Science / Physics / Crystallography,Technology & Engineering / Aeronautics & Astronautics,Technology & Engineering / Materials Science / General,Technology & Engineering / Mechanical}
}

@article{devincre2011,
  title = {Modeling Crystal Plasticity with Dislocation Dynamcis Simulations : The {{MICROMEGAS}} Code.},
  shorttitle = {Modeling Crystal Plasticity with Dislocation Dynamcis Simulations},
  author = {Devincre, Benoit and Madec, Ronan and Queyreau, Sylvain and Kubin, Ladislas},
  date = {2011-01-01}
}

@misc{zaiser,
  title = {Discrete {{Dislocation Dynamics}} Simulation - {{Problem Statement}}},
  author = {Zaiser, Michael}
}
