@article{l1996maximally,
  title={Maximally equidistributed combined Tausworthe generators},
  author={Lâ€™ecuyer, Pierre},
  journal={Mathematics of Computation of the American Mathematical Society},
  volume={65},
  number={213},
  pages={203--213},
  year={1996}}
@article{Bako:2011fk,
  Author = {Bak{\'o}, Botond and Clouet, Emmanuel and Dupuy, Laurent M. and Bl{\'e}try, Marc},
  Journal = {Philosophical Magazine},
  Month = {2011/07/08},
  Number = {23},
  Pages = {3173--3191},
  Title = {Dislocation dynamics simulations with climb: kinetics of dislocation loop coarsening controlled by bulk diffusion},
  Volume = {91},
  Year = {2011}}
